<?xml version='1.0' encoding='UTF-8'?>
<record xmlns="http://www.loc.gov/MARC21/slim">
  <leader>02943cam a2200457 a 4500</leader>
  <controlfield tag="001">2841338</controlfield>
  <controlfield tag="003">NjP</controlfield>
  <controlfield tag="005">20171020174021.0</controlfield>
  <controlfield tag="008">000301s1897    mr            000 0 ara d</controlfield>
  <datafield tag="024" ind1="7" ind2=" ">
    <subfield code="a">princeton_aco001850</subfield>
    <subfield code="2">local</subfield>
  </datafield>
  <datafield ind1=" " ind2=" " tag="035">
    <subfield code="a">(OCoLC)ocn178195774</subfield>
  </datafield>
  <datafield ind1=" " ind2=" " tag="035">
    <subfield code="a">(OCoLC)178195774</subfield>
  </datafield>
  <datafield ind1=" " ind2=" " tag="035">
    <subfield code="9">CNS4504TS</subfield>
  </datafield>
  <datafield ind1=" " ind2=" " tag="035">
    <subfield code="a">(NjP)2841338</subfield>
  </datafield>
  <datafield ind1=" " ind2=" " tag="040">
    <subfield code="a">NjP</subfield>
    <subfield code="c">PUL</subfield>
    <subfield code="d">PUL</subfield>
  </datafield>
  <datafield ind1=" " ind2=" " tag="049">
    <subfield code="a">PULL</subfield>
  </datafield>
  <datafield ind1=" " ind2=" " tag="079">
    <subfield code="a">ocm83430942</subfield>
  </datafield>
  <datafield ind1="1" ind2=" " tag="100">
    <subfield code="6">880-01</subfield>
    <subfield code="a">ʻImrānī, Muḥammad al-Mahdī ibn Muḥammad,</subfield>
    <subfield code="d">1850-1923.</subfield>
    <subfield code="0">http://id.loc.gov/authorities/names/n92052560</subfield>
  </datafield>
  <datafield ind1="1" ind2="0" tag="240">
    <subfield code="6">880-02</subfield>
    <subfield code="a">Ḥāshiyah ʻalá Sharḥ al-Tāwudī ʻalá Lāmīyat al-Zaqqāq</subfield>
  </datafield>
  <datafield ind1="1" ind2="0" tag="245">
    <subfield code="6">880-03</subfield>
    <subfield code="a">Ḥāshiyat al-faqīh al-ʻālim al-mudarris al-mushārik Abī ʻAbd Allāh Sayyidī Muḥammad al-Mahdī ibn Muḥammad ibn al-Khiḍr al-Wazzānī al-Sharīf al-ʻImrānī ʻalá Sharḥ al-Imām ḥujjat al-Islām ... Abī ʻAbd Allāh Muḥammad al-Tāwudī ibn Sūdah ʻalá Lāmīyat al-Imām al-ʻallāmah al-shahīr Abī al-Ḥasan ʻAlī al-Zaqqāq.</subfield>
  </datafield>
  <datafield ind1=" " ind2=" " tag="260">
    <subfield code="a">[Morocco :</subfield>
    <subfield code="b">s.n.],</subfield>
    <subfield code="c">1315 [1897]</subfield>
  </datafield>
  <datafield ind1=" " ind2=" " tag="300">
    <subfield code="a">2 v. in 1 ;</subfield>
    <subfield code="c">25 cm.</subfield>
  </datafield>
  <datafield ind1="1" ind2="0" tag="600">
    <subfield code="6">880-04</subfield>
    <subfield code="a">Tāwudī, Muḥammad,</subfield>
    <subfield code="d">1699 or 1700-1795.</subfield>
    <subfield code="t">Sharḥ Lāmīyat al-Zaqqāq.</subfield>
  </datafield>
  <datafield ind1="1" ind2="0" tag="600">
    <subfield code="6">880-05</subfield>
    <subfield code="a">Zaqqāq, ʻAlī ibn Qāsim,</subfield>
    <subfield code="d">d. 1506 ot 7.</subfield>
    <subfield code="t">Lāmīyah.</subfield>
  </datafield>
  <datafield ind1=" " ind2="0" tag="650">
    <subfield code="a">Islamic law</subfield>
    <subfield code="x">Interpretation and construction.</subfield>
    <subfield code="0">http://id.loc.gov/authorities/subjects/sh85068455</subfield>
  </datafield>
  <datafield ind1=" " ind2="0" tag="650">
    <subfield code="a">Malikites.</subfield>
    <subfield code="0">http://id.loc.gov/authorities/subjects/sh85080157</subfield>
  </datafield>
  <datafield ind1=" " ind2="7" tag="655">
    <subfield code="a">Lithographs</subfield>
    <subfield code="z">Morocco</subfield>
    <subfield code="y">1897</subfield>
    <subfield code="2">gmgpc</subfield>
  </datafield>
  <datafield ind1="1" ind2="2" tag="700">
    <subfield code="6">880-06</subfield>
    <subfield code="a">Tāwudī, Muḥammad,</subfield>
    <subfield code="d">1699 or 1700-1795.</subfield>
    <subfield code="t">Sharḥ Lāmīyat al-Zaqqāq.</subfield>
    <subfield code="0">http://id.loc.gov/authorities/names/nr90002372</subfield>
  </datafield>
  <datafield ind1="0" ind2=" " tag="740">
    <subfield code="6">880-07</subfield>
    <subfield code="a">Sharḥ Lāmiyat al-Zaqqāq.</subfield>
  </datafield>
  <datafield ind1="1" ind2=" " tag="880">
    <subfield code="6">100-01/r</subfield>
    <subfield code="a">عمراني، محمد المهدي بن محمد،</subfield>
    <subfield code="d">1850-1923.</subfield>
  </datafield>
  <datafield ind1="1" ind2="0" tag="880">
    <subfield code="6">240-02/r</subfield>
    <subfield code="a">حاشية على شرح التاودي على لامية الزقاق</subfield>
  </datafield>
  <datafield ind1="1" ind2="0" tag="880">
    <subfield code="6">245-03/r</subfield>
    <subfield code="a">حاشية الفقيه العالم المدرس المشارك ابي عبد الله سيدي محمد المهدي بن محمد بن الخضر الوزاني الشريف العمراني على شرح الامام حجة الاسلام ... ابي عبد الله محمد التاودي بن سودة على لامية الامام العلامة الشهير ابي الحسن علي الزقاق.</subfield>
  </datafield>
  <datafield ind1="1" ind2="0" tag="880">
    <subfield code="6">600-04/r</subfield>
    <subfield code="a">تاودي، محمد،</subfield>
    <subfield code="d">1699 or 1700-1795.</subfield>
    <subfield code="t">شرح لامية الزقاق.</subfield>
  </datafield>
  <datafield ind1="1" ind2="0" tag="880">
    <subfield code="6">600-05/r</subfield>
    <subfield code="a">زقاق، علي بن قاسم،</subfield>
    <subfield code="d">d. 1506.</subfield>
    <subfield code="t">لامية.</subfield>
  </datafield>
  <datafield ind1="1" ind2="2" tag="880">
    <subfield code="6">700-06/r</subfield>
    <subfield code="a">تاودي، محمد،</subfield>
    <subfield code="d">1699 or 1700-1795.</subfield>
    <subfield code="t">شرح لامية الزقاق.</subfield>
  </datafield>
  <datafield ind1="0" ind2=" " tag="880">
    <subfield code="6">740-07/r</subfield>
    <subfield code="a">شرح لامية الزقاق.</subfield>
  </datafield>
  <datafield ind1="4" ind2=" " tag="856">
    <subfield code="u">http://hdl.handle.net/2027/njp.32101035012515</subfield>
  </datafield>
  <datafield ind1=" " ind2=" " tag="948">
    <subfield code="a">jeb</subfield>
  </datafield>
  <datafield ind1=" " ind2=" " tag="911">
    <subfield code="a">20000301</subfield>
  </datafield>
  <datafield ind1=" " ind2=" " tag="912">
    <subfield code="a">20000301043951.0</subfield>
  </datafield>
  <datafield ind1=" " ind2=" " tag="994">
    <subfield code="a">C0</subfield>
    <subfield code="b">PUL</subfield>
  </datafield>
  <datafield ind1=" " ind2=" " tag="999">
    <subfield code="a">2841338</subfield>
  </datafield>
  <datafield ind1="0" ind2="0" tag="852">
    <subfield code="0">3154011</subfield>
    <subfield code="b">nec</subfield>
    <subfield code="t">1</subfield>
    <subfield code="h">KBP440.55.Z37</subfield>
    <subfield code="i">A353835 1897</subfield>
  </datafield>
  <datafield ind1="8" ind2=" " tag="852">
    <subfield code="0">8753336</subfield>
    <subfield code="b">elf1</subfield>
    <subfield code="h">Electronic Resource</subfield>
  </datafield>
  <datafield ind1=" " ind2=" " tag="959">
    <subfield code="a">2000-06-08 00:00:00 -0500</subfield>
  </datafield>
</record>
